@ARTICLE{Agol2019,
       author = {{Agol}, Eric and {Luger}, Rodrigo and {Foreman-Mackey}, Daniel},
        title = "{Analytic Planetary Transit Light Curves and Derivatives for Stars with Polynomial Limb Darkening}",
      journal = {arXiv e-prints},
     keywords = {Astrophysics - Earth and Planetary Astrophysics, Astrophysics - Instrumentation and Methods for Astrophysics},
         year = "2019",
        month = "Aug",
          eid = {arXiv:1908.03222},
        pages = {arXiv:1908.03222},
archivePrefix = {arXiv},
       eprint = {1908.03222},
 primaryClass = {astro-ph.EP},
       adsurl = {https://ui.adsabs.harvard.edu/abs/2019arXiv190803222A},
      adsnote = {Provided by the SAO/NASA Astrophysics Data System}
}

@article{AlvarezCollado1989,
    title = "Rotation of real spherical harmonics",
    journal = "Computer Physics Communications",
    volume = "52",
    number = "3",
    pages = "323 - 331",
    year = "1989",
    issn = "0010-4655",
    doi = "https://doi.org/10.1016/0010-4655(89)90107-0",
    author = "Jos\'e Ram\'on \'Alvarez Collado and Jaime Fern\'andez Rico and Rafael L\'opez and Miguel Paniagua and Guillermo Ram\'irez"
}

@ARTICLE{Baldi2006,
       author = {{Baldi}, P. and {Marinucci}, D.},
        title = "{Some characterizations of the spherical harmonics coefficients for isotropic random fields}",
      journal = {arXiv Mathematics e-prints},
     keywords = {Mathematics - Probability, Mathematics - Statistics, Primary 60B15, secondary 62M15, 62M40},
         year = "2006",
        month = "Jun",
          eid = {math/0606709},
        pages = {math/0606709},
archivePrefix = {arXiv},
       eprint = {math/0606709},
 primaryClass = {math.PR},
       adsurl = {https://ui.adsabs.harvard.edu/abs/2006math......6709B},
      adsnote = {Provided by the SAO/NASA Astrophysics Data System}
}

@ARTICLE{Bedell2019,
       author = {{Bedell}, Megan and {Hogg}, David W. and {Foreman-Mackey}, Daniel and
         {Montet}, Benjamin T. and {Luger}, Rodrigo},
        title = "{Wobble: a data-driven method for precision radial velocities}",
      journal = {arXiv e-prints},
     keywords = {Astrophysics - Instrumentation and Methods for Astrophysics, Astrophysics - Earth and Planetary Astrophysics, Astrophysics - Solar and Stellar Astrophysics},
         year = "2019",
        month = "Jan",
          eid = {arXiv:1901.00503},
        pages = {arXiv:1901.00503},
archivePrefix = {arXiv},
       eprint = {1901.00503},
 primaryClass = {astro-ph.IM},
       adsurl = {https://ui.adsabs.harvard.edu/abs/2019arXiv190100503B},
      adsnote = {Provided by the SAO/NASA Astrophysics Data System}
}

@ARTICLE{Crossfield2014,
       author = {{Crossfield}, I.~J.~M. and {Biller}, B. and {Schlieder}, J.~E. and
         {Deacon}, N.~R. and {Bonnefoy}, M. and {Homeier}, D. and {Allard}, F. and
         {Buenzli}, E. and {Henning}, Th. and {Brandner}, W. and {Goldman}, B. and
         {Kopytova}, T.},
        title = "{A global cloud map of the nearest known brown dwarf}",
      journal = {Nature},
     keywords = {Astrophysics - Earth and Planetary Astrophysics, Astrophysics - Instrumentation and Methods for Astrophysics, Astrophysics - Solar and Stellar Astrophysics},
         year = "2014",
        month = "Jan",
       volume = {505},
       number = {7485},
        pages = {654-656},
          doi = {10.1038/nature12955},
archivePrefix = {arXiv},
       eprint = {1401.8145},
 primaryClass = {astro-ph.EP},
       adsurl = {https://ui.adsabs.harvard.edu/abs/2014Natur.505..654C},
      adsnote = {Provided by the SAO/NASA Astrophysics Data System}
}

@INPROCEEDINGS{Deutsch1958,
       author = {{Deutsch}, A.~J.},
        title = "{Harmonic Analysis of the Periodic Spectrum Variables}",
    booktitle = {Electromagnetic Phenomena in Cosmical Physics},
         year = "1958",
       editor = {{Lehnert}, B.},
       series = {IAU Symposium},
       volume = {6},
        month = "Jan",
        pages = {209},
       adsurl = {https://ui.adsabs.harvard.edu/abs/1958IAUS....6..209D},
      adsnote = {Provided by the SAO/NASA Astrophysics Data System}
}

@ARTICLE{Deutsch1970,
       author = {{Deutsch}, Armin J.},
        title = "{Harmonic Analysis of Rigidly Rotating AP Stars}",
      journal = {\apj},
         year = "1970",
        month = "Mar",
       volume = {159},
        pages = {985},
          doi = {10.1086/150376},
       adsurl = {https://ui.adsabs.harvard.edu/abs/1970ApJ...159..985D},
      adsnote = {Provided by the SAO/NASA Astrophysics Data System}
}

@ARTICLE{Falk1974,
       author = {{Falk}, Alfred E. and {Wehlau}, William H.},
        title = "{Harmonic Analysis of the Line Profiles of an Oblique Rotator}",
      journal = {\apj},
         year = "1974",
        month = "Sep",
       volume = {192},
        pages = {409-416},
          doi = {10.1086/153072},
       adsurl = {https://ui.adsabs.harvard.edu/abs/1974ApJ...192..409F},
      adsnote = {Provided by the SAO/NASA Astrophysics Data System}
}

@ARTICLE{Goncharskii1977,
       author = {{Goncharskii}, A.~V. and {Stepanov}, V.~V. and {Kokhlova}, V.~L. and
         {Yagola}, A.~G.},
        title = "{Reconstruction of local line profiles from those observed in an Ap spectrum.}",
      journal = {Soviet Astronomy Letters},
         year = "1977",
        month = "Jan",
       volume = {3},
        pages = {147-149},
       adsurl = {https://ui.adsabs.harvard.edu/abs/1977SvAL....3..147G},
      adsnote = {Provided by the SAO/NASA Astrophysics Data System}
}

@misc{Keras,
  title={Keras},
  author={Chollet, Fran\c{c}ois and others},
  year={2015},
  howpublished={\url{https://keras.io}},
  publisher={GitHub}
}

@ARTICLE{Khokhlova1976,
       author = {{Khokhlova}, V.~L.},
        title = "{Formalization of the inverse problem of obtaining local profiles from observations of AP stellar spectra}",
      journal = {Astronomische Nachrichten},
     keywords = {A Stars, Chemical Composition, Line Spectra, Magnetic Stars, Stellar Spectra, Variable Stars, Absorption Spectra, Astrophysics, Physical Properties, Spectral Energy Distribution, Spectral Line Width, Stellar Evolution, Astrophysics},
         year = "1976",
        month = "Jan",
       volume = {297},
       number = {4},
        pages = {203-206},
          doi = {10.1002/asna.19762970408},
       adsurl = {https://ui.adsabs.harvard.edu/abs/1976AN....297..203K},
      adsnote = {Provided by the SAO/NASA Astrophysics Data System}
}

@ARTICLE{Luger2019,
       author = {{Luger}, Rodrigo and {Agol}, Eric and {Foreman-Mackey}, Daniel and
         {Fleming}, David P. and {Lustig-Yaeger}, Jacob and {Deitrick}, Russell},
        title = "{starry: Analytic Occultation Light Curves}",
      journal = {\aj},
     keywords = {eclipses, methods: analytical, occultations, techniques: photometric, Astrophysics - Instrumentation and Methods for Astrophysics, Astrophysics - Earth and Planetary Astrophysics, Astrophysics - Solar and Stellar Astrophysics},
         year = "2019",
        month = "Feb",
       volume = {157},
       number = {2},
          eid = {64},
        pages = {64},
          doi = {10.3847/1538-3881/aae8e5},
archivePrefix = {arXiv},
       eprint = {1810.06559},
 primaryClass = {astro-ph.IM},
       adsurl = {https://ui.adsabs.harvard.edu/abs/2019AJ....157...64L},
      adsnote = {Provided by the SAO/NASA Astrophysics Data System}
}

@inproceedings{NAdam,
  title={Incorporating Nesterov Momentum into Adam},
  booktitle={Proceedings of 4th International Conference on Learning Representations, Workshop Track},
  author={Timothy Dozat},
  year={2016},
  url={http://cs229.stanford.edu/proj2015/054_report.pdf}
}

@ARTICLE{Piskunov1990,
       author = {{Piskunov}, N.~E. and {Tuominen}, I. and {Vilhu}, O.},
        title = "{Surface imaging of late-type stars.}",
      journal = {\aap},
     keywords = {Imaging Techniques, Late Stars, Stellar Structure, Surface Properties, Giant Stars, Stellar Atmospheres, Stellar Models, Astrophysics},
         year = "1990",
        month = "Apr",
       volume = {230},
        pages = {363-370},
       adsurl = {https://ui.adsabs.harvard.edu/abs/1990A&A...230..363P},
      adsnote = {Provided by the SAO/NASA Astrophysics Data System}
}

@ARTICLE{Rice1989,
       author = {{Rice}, J.~B. and {Wehlau}, W.~H. and {Khokhlova}, V.~L.},
        title = "{Mapping stellar surfaces by Doppler imaging : technique and application.}",
      journal = {Astronomy and Astrophysics},
     keywords = {A Stars, Doppler Effect, Mapping, Peculiar Stars, Image Reconstruction, Iron, Line Spectra, Red Shift, Spectral Line Width, Stellar Magnetic Fields, Stellar Rotation, Astrophysics},
         year = "1989",
        month = "Jan",
       volume = {208},
        pages = {179-188},
       adsurl = {https://ui.adsabs.harvard.edu/abs/1989A&A...208..179R},
      adsnote = {Provided by the SAO/NASA Astrophysics Data System}
}

@ARTICLE{Roettenbacher2016,
       author = {{Roettenbacher}, R.~M. and {Monnier}, J.~D. and {Korhonen}, H. and
         {Aarnio}, A.~N. and {Baron}, F. and {Che}, X. and {Harmon}, R.~O. and
         {K{\H{o}}v{\'a}ri}, Zs. and {Kraus}, S. and {Schaefer}, G.~H. and
         {Torres}, G. and {Zhao}, M. and {Ten Brummelaar}, T.~A. and
         {Sturmann}, J. and {Sturmann}, L.},
        title = "{No Sun-like dynamo on the active star {\ensuremath{\zeta}} Andromedae from starspot asymmetry}",
      journal = {\nat},
     keywords = {Astrophysics - Solar and Stellar Astrophysics},
         year = "2016",
        month = "May",
       volume = {533},
       number = {7602},
        pages = {217-220},
          doi = {10.1038/nature17444},
archivePrefix = {arXiv},
       eprint = {1709.10107},
 primaryClass = {astro-ph.SR},
       adsurl = {https://ui.adsabs.harvard.edu/abs/2016Natur.533..217R},
      adsnote = {Provided by the SAO/NASA Astrophysics Data System}
}

@ARTICLE{Roettenbacher2017,
       author = {{Roettenbacher}, Rachael M. and {Monnier}, John D. and
         {Korhonen}, Heidi and {Harmon}, Robert O. and {Baron}, Fabien and
         {Hackman}, Thomas and {Henry}, Gregory W. and {Schaefer}, Gail H. and
         {Strassmeier}, Klaus G. and {Weber}, Michael and
         {ten Brummelaar}, Theo A.},
        title = "{Contemporaneous Imaging Comparisons of the Spotted Giant {\ensuremath{\sigma}} Geminorum Using Interferometric, Spectroscopic, and Photometric Data}",
      journal = {\apj},
     keywords = {binaries: close, stars: activity, stars: imaging, stars: individual:  Geminorum, stars: variables: general, Astrophysics - Solar and Stellar Astrophysics},
         year = "2017",
        month = "Nov",
       volume = {849},
       number = {2},
          eid = {120},
        pages = {120},
          doi = {10.3847/1538-4357/aa8ef7},
archivePrefix = {arXiv},
       eprint = {1709.10109},
 primaryClass = {astro-ph.SR},
       adsurl = {https://ui.adsabs.harvard.edu/abs/2017ApJ...849..120R},
      adsnote = {Provided by the SAO/NASA Astrophysics Data System}
}



@BOOK{Schoenstadt2006,
  TITLE = {An Introduction to Fourier Analysis},
  SUBTITLE = {Fourier Series, Partial Differential Equations and Fourier Transforms},
  AUTHOR = {Schoenstadt, A.L.},
  YEAR = {2006},
  PUBLISHER = {Naval Postgraduate School},
  ADDRESS = {Monterey, California},
  pages = {197},
  url = {http://faculty.nps.edu/bneta/book.pdf}
}

@ARTICLE{Unruh1995,
       author = {{Unruh}, Y.~C. and {Collier Cameron}, A.},
        title = "{The sensitivity of Doppler imaging to line profile models}",
      journal = {\mnras},
     keywords = {TECHNIQUES: IMAGE PROCESSING, STARS: ACTIVITY, STARS: IMAGING},
         year = "1995",
        month = "Mar",
       volume = {273},
       number = {1},
        pages = {1-16},
          doi = {10.1093/mnras/273.1.1},
       adsurl = {https://ui.adsabs.harvard.edu/abs/1995MNRAS.273....1U},
      adsnote = {Provided by the SAO/NASA Astrophysics Data System}
}

@ARTICLE{Vogt1983,
       author = {{Vogt}, S.~S. and {Penrod}, G.~D.},
        title = "{Doppler imaging of spotted stars : application to the RS Canum Venaticorum star HR 1099.}",
      journal = {\pasp},
     keywords = {Binary Stars, Imaging Techniques, Starspots, Coronal Holes, Doppler Effect, Line Spectra, Mapping, Stellar Rotation, Astrophysics},
         year = "1983",
        month = "Sep",
       volume = {95},
        pages = {565-576},
          doi = {10.1086/131208},
       adsurl = {https://ui.adsabs.harvard.edu/abs/1983PASP...95..565V},
      adsnote = {Provided by the SAO/NASA Astrophysics Data System}
}

@ARTICLE{Vogt1987,
       author = {{Vogt}, Steven S. and {Penrod}, G. Donald and {Hatzes}, Artie P.},
        title = "{Doppler Images of Rotating Stars Using Maximum Entropy Image Reconstruction}",
      journal = {\apj},
     keywords = {Doppler Effect, Image Reconstruction, Maximum Entropy Method, Peculiar Stars, Stellar Rotation, Stellar Spectra, Computational Grids, Iterative Solution, Line Spectra, Signal To Noise Ratios, Spatial Resolution, Spectral Resolution, Starspots, Astronomy, LINE PROFILES, STARS: PECULIAR A, STARS: ROTATION},
         year = "1987",
        month = "Oct",
       volume = {321},
        pages = {496},
          doi = {10.1086/165647},
       adsurl = {https://ui.adsabs.harvard.edu/abs/1987ApJ...321..496V},
      adsnote = {Provided by the SAO/NASA Astrophysics Data System}
}
